@article{helmchen2018neocortical,
	title={Neocortical dynamics during whisker-based sensory discrimination in head-restrained mice},
	author={Helmchen, Fritjof and Gilad, Ariel and Chen, Jerry L},
	journal={Neuroscience},
	volume={368},
	pages={57--69},
	year={2018},
	publisher={Elsevier}
}

