@article{zhang2018neural,
	title={A neural network model for the orbitofrontal cortex and task space acquisition during reinforcement learning},
	author={Zhang, Zhewei and Cheng, Zhenbo and Lin, Zhongqiao and Nie, Chechang and Yang, Tianming},
	journal={PLoS computational biology},
	volume={14},
	number={1},
	pages={e1005925},
	year={2018},
	publisher={Public Library of Science}
}